% This file was created with JabRef 2.9.2.
% Encoding: Cp1252

@INPROCEEDINGS{but13a,
  author = {Butala, Pankil M. and Elgala, Hany and Little, Thomas D.C.},
  title = {SVD-VLC: A novel capacity maximizing VLC MIMO system architecture
	under illumination constraints},
  booktitle = {Globecom Workshops (GC Wkshps), 2013 IEEE},
  year = {2013},
  pages = {1087-1092},
  month = {Dec},
  category = {SVD VLC},
  doi = {10.1109/GLOCOMW.2013.6825137},
  keywords = {Imaging;Lighting;MIMO;Noise;Optical receivers;Optical transmitters;IEEE
	802.15.7;Imaging Receiver;Multiple Input Multiple Output (MIMO);Optical
	Wireless Communications;Singular Value Decomposition (SVD);Visible
	Light Communications (VLC)}
}

@ARTICLE{fat13a,
  author = {Fath, T. and Haas, H.},
  title = {Performance Comparison of MIMO Techniques for Optical Wireless Communications
	in Indoor Environments},
  journal = {Communications, IEEE Transactions on},
  year = {2013},
  volume = {61},
  pages = {733-742},
  number = {2},
  owner = {pbutala},
  timestamp = {2013.06.19}
}

