% This file was created with JabRef 2.9.2.
% Encoding: Cp1252

@INPROCEEDINGS{das13a,
  author = {Das, P. and Youngil Park and Ki-Doo Kim},
  title = {{Color-independent OFDM-based visible light communication}},
  booktitle = {Ubiquitous and Future Networks (ICUFN), 2013 Fifth International
	Conference on},
  year = {2013},
  pages = {672-673},
  month = {Jul},
  category = {OFDM},
  doi = {10.1109/ICUFN.2013.6614905},
  file = {:PB\\[OFDM][das13a] Color-independent OFDM-based visible light communication.pdf:PDF},
  issn = {2165-8528},
  keywords = {OFDM modulation;optical communication;visible spectra;OFDM-based visible
	light communication;color space-based modulation;color-independent
	OFDM-based VLC system;visible range;Bit error rate;Color;Delays;Image
	color analysis;Modulation;OFDM;Optical variables measurement;Color
	space;Color-independent (compatible);LED;OFDM;Visible light communication},
  owner = {pbutala},
  timestamp = {2014.07.16}
}

@ARTICLE{raj12a,
  author = {Rajagopal, S. and Roberts, R.D. and Sang-Kyu Lim},
  title = {{IEEE 802.15.7 visible light communication: modulation schemes and
	dimming support}},
  journal = {Communications Magazine, IEEE},
  year = {2012},
  volume = {50},
  pages = {72-82},
  number = {3},
  month = {Mar},
  category = {Modulation},
  doi = {10.1109/MCOM.2012.6163585},
  file = {:Modulation\\[802.15.7][raj12a] IEEE 802.15.7 visible light communication modulation schemes and dimming support.pdf:PDF},
  issn = {0163-6804},
  keywords = {IEEE 802.15.7 visible light communication;LED technology;dimming support;flicker-free
	high-data-rate visible light communication;modulation schemes;short-range
	optical wireless communication;visible light spectrum;wavelength
	380 nm to 780 nm;light emitting diodes;optical communication;optical
	modulation;},
  owner = {pbutala},
  timestamp = {2012.08.09}
}

@IEEETRANBSTCTL{IEEEexample:BSTcontrol,
  ctldash_repeated_names = {no}
}

@ARTICLE{802.15.7,
  title = {{IEEE Standard for Local and Metropolitan Area Networks--Part 15.7:
	Short-Range Wireless Optical Communication Using Visible Light}},
  journal = {IEEE Std 802.15.7-2011},
  year = {2011},
  pages = {1-309},
  month = {Sept},
  category = {Standard},
  doi = {10.1109/IEEESTD.2011.6016195},
  file = {:PB\\[Standard][802.15.7] IEEE Standard for Local and Metropolitan Area Networks - Part 15.7 - Short-Range Wireless Optical Communication Using Visible Light.pdf:PDF},
  keywords = {IEEE standards;local area networks;metropolitan area networks;multimedia
	communication;optical communication;radio spectrum management;telecommunication
	standards;video signal processing;IEEE standard;MAC layer;PHY layer;audio
	service;eye safety regulation;local area network;metropolitan area
	network;optically transparent media;short-range wireless optical
	communication;source like ambient light;video multimedia service;visible
	light;visible light spectrum;visible link;visible-light infrastructure;IEEE
	802.15 Standards;IEEE standards;Laser diodes;Local area networks;Metropolitan
	area networks;Optical fiber communication;Wireless communication;IEEE
	802.15.7;LD;LED;VLC;laser diode;light-emitting diode;short-range
	optical wireless communications;visible light;visible-light communication},
  owner = {pbutala},
  timestamp = {2014.07.16}
}

